<?xml version="1.0" encoding="UTF-8"?><record xmlns="http://www.loc.gov/MARC21/slim" xmlns:cinclude="http://apache.org/cocoon/include/1.0" xmlns:zs="http://www.loc.gov/zing/srw/">
  <leader>00434nz  a2200121n  4500</leader>
  <controlfield tag="001">n  86136234 </controlfield>
  <controlfield tag="003">DLC</controlfield>
  <controlfield tag="005">19860812174925.8</controlfield>
  <controlfield tag="008">860528n| acannaab|          |n aaa |||  </controlfield>
  <datafield tag="010" ind1=" " ind2=" ">
    <subfield code="a">n  86136234 </subfield>
  </datafield>
  <datafield tag="040" ind1=" " ind2=" ">
    <subfield code="a">DLC</subfield>
    <subfield code="c">DLC</subfield>
    <subfield code="d">DLC</subfield>
  </datafield>
  <datafield tag="100" ind1="1" ind2="0">
    <subfield code="a">Molaro, G. L.</subfield>
  </datafield>
  <datafield tag="670" ind1=" " ind2=" ">
    <subfield code="a">His Aggiornamenti in immunoematologia, c1980:</subfield>
    <subfield code="b">t.p. (G.L. Molaro) p. v (Centro immuno-trasfusionale, Centro sociale dell'emofilia e della microcitemia, Ospedale civile, Pordenone)</subfield>
  </datafield>
</record>